@ARTICLE{arnaud2010,
   author = {{Arnaud}, M. and {Pratt}, G.~W. and {Piffaretti}, R. and {B{\"o}hringer}, H. and
        {Croston}, J.~H. and {Pointecouteau}, E.},
    title = "{The universal galaxy cluster pressure profile from a representative sample of nearby systems (REXC\
ESS) and the Y$_{SZ}$ - M$_{500}$ relation}",
  journal = {\aap},
archivePrefix = "arXiv",
   eprint = {0910.1234},
 primaryClass = "astro-ph.CO",
 keywords = {cosmology: observations, dark matter, galaxies: clusters: general, intergalactic, medium, X-rays: g\
alaxies: clusters},
     year = 2010,
    month = jul,
   volume = 517,
      eid = {A92},
    pages = {A92},
      doi = {10.1051/0004-6361/200913416},
   adsurl = {http://adsabs.harvard.edu/abs/2010A%26A...517A..92A},                                               
  adsnote = {Provided by the SAO/NASA Astrophysics Data System}
}

@article{nagai2007,
   author = {{Nagai}, D. and {Kravtsov}, A.~V. and {Vikhlinin}, A.},
    title = "{Effects of Galaxy Formation on Thermodynamics of the Intracluster Medium}",
  journal = {\apj},
   eprint = {arXiv:astro-ph/0703661},
     year = 2007,
    month = oct,
   volume = 668,
    pages = {1-14},
      doi = {10.1086/521328},
   adsurl = {http://adsabs.harvard.edu/abs/2007ApJ...668....1N},
  adsnote = {Provided by the Smithsonian/NASA Astrophysics Data System}
}

@ARTICLE{1974A&AS...15..417H,
   author = {{H{\"o}gbom}, J.~A.},
    title = "{Aperture Synthesis with a Non-Regular Distribution of Interferometer Baselines}",
  journal = {\aaps},
     year = 1974,
    month = jun,
   volume = 15,
    pages = {417},
   adsurl = {http://cdsads.u-strasbg.fr/abs/1974A%26AS...15..417H},
  adsnote = {Provided by the SAO/NASA Astrophysics Data System}
}

@article{Dunkley2008,
archivePrefix = {arXiv},
arxivId = {arXiv:astro-ph/0405462v1},
author = {Dunkley, Joanna and Bucher, Martin and Ferreira, Pedro G and Moodley, Kavilan and Skordis, Constantinos},
eprint = {0405462v1},
file = {:Users/eml/public\_html/private/articles/0405462.pdf:pdf},
keywords = {cosmic microwave background,data analysis,methods,statistical},
mendeley-groups = {Probability Theory,Probability Theory/MCMC,Probability Theory/General},
number = {February},
primaryClass = {arXiv:astro-ph},
title = {{Fast and reliable MCMC for cosmological parameter estimation}},
volume = {000},
year = {2008}
}
